@article{reitinger2004user,
  title={User-centric transfer function specification in augmented reality},
  author={Reitinger, Bernhard and Zach, Christopher and Bornik, Alexander and Beichel, Reinhard},
  year={2004},
  publisher={UNION Agency}
}

@incollection{wesarg2009structure,
  title={Structure size enhanced histogram},
  author={Wesarg, Stefan and Kirschner, Matthias},
  booktitle={Bildverarbeitung f{\"u}r die Medizin 2009},
  pages={16--20},
  year={2009},
  publisher={Springer}
}

@article{wesarg20102d,
  title={2D histogram based volume visualization: combining intensity and size of anatomical structures},
  author={Wesarg, Stefan and Kirschner, Matthias and Khan, M Fawad},
  journal={International journal of computer assisted radiology and surgery},
  volume={5},
  number={6},
  pages={655--666},
  year={2010},
  publisher={Springer}
}

@article{sereda2006visualization,
  title={Visualization of boundaries in volumetric data sets using LH histograms},
  author={Sereda, Petr and Bartroli, Anna Vilanova and Serlie, Iwo WO and Gerritsen, Frans A},
  journal={IEEE Transactions on Visualization and Computer Graphics},
  volume={12},
  number={2},
  pages={208--218},
  year={2006},
  publisher={IEEE}
}

@article{lan2017improving,
  title={Improving separability of structures with similar attributes in 2D transfer function design},
  author={Lan, Shouren and Wang, Lisheng and Song, Yipeng and Wang, Yu-ping and Yao, Liping and Sun, Kun and Xia, Bin and Xu, Zongben},
  journal={IEEE transactions on visualization and computer graphics},
  volume={23},
  number={5},
  pages={1546--1560},
  year={2017},
  publisher={IEEE}
}

@article{nguyen2012clustering,
  title={A clustering-based system to automate transfer function design for medical image visualization},
  author={Nguyen, Binh P and Tay, Wei-Liang and Chui, Chee-Kong and Ong, Sim-Heng},
  journal={The Visual Computer},
  volume={28},
  number={2},
  pages={181--191},
  year={2012},
  publisher={Springer}
}