@article{hong2003method,
  title={Method of normal estimation based on approximation for visualization},
  author={Hong, Di-hui and Ning, Gang-min and Zhao, Ting and Zhang, Mu and Zheng, Xiaoxiang},
  journal={Journal of Electronic Imaging},
  volume={12},
  number={3},
  pages={470--478},
  year={2003},
  publisher={International Society for Optics and Photonics}
}

@inproceedings{nguyen2011automatic,
  title={Automatic transfer function design for volumetric data visualization using clustering on LH space},
  author={Nguyen, Binh P and Tay, Wei-Liang and Chui, Chee-Kong and Ong, Sim-Heng},
  booktitle={Proceedings of Computer Graphics International},
  pages={1--10},
  year={2011}
}